<record><leader>00000cas a22000007  4500</leader><controlfield tag="001">5348927</controlfield><controlfield tag="008">790907d19761982wiuwr ne      0   a0eng  </controlfield><controlfield tag="009">170</controlfield><datafield ind1=" " ind2=" " tag="010"><subfield code="a">sn 79007608 </subfield></datafield><datafield ind1=" " ind2=" " tag="040"><subfield code="a">AGL</subfield><subfield code="b">eng</subfield><subfield code="c">AGL</subfield><subfield code="d">NSD</subfield><subfield code="d">NPV</subfield><subfield code="d">OCL</subfield><subfield code="d">OCLCQ</subfield></datafield><datafield ind1=" " ind2=" " tag="012"><subfield code="e">n</subfield><subfield code="k">1</subfield><subfield code="m">d</subfield></datafield><datafield ind1="1" ind2=" " tag="022"><subfield code="a">0195-2072</subfield><subfield code="l">0195-2072</subfield><subfield code="2">1</subfield></datafield><datafield ind1=" " ind2=" " tag="042"><subfield code="a">nsdp</subfield></datafield><datafield ind1=" " ind2=" " tag="070"><subfield code="a">6</subfield><subfield code="b">F2209</subfield></datafield><datafield ind1=" " ind2="0" tag="072"><subfield code="a">0505</subfield></datafield><datafield ind1=" " ind2="0" tag="222"><subfield code="a">New farmer's friend and rural reporter</subfield></datafield><datafield ind1="0" ind2="0" tag="245"><subfield code="a">New farmer's friend and rural reporter.</subfield></datafield><datafield ind1="1" ind2="3" tag="246"><subfield code="a">Farmer's friend and rural reporter</subfield></datafield><datafield ind1="1" ind2="3" tag="246"><subfield code="a">Country chronicle</subfield></datafield><datafield ind1=" " ind2=" " tag="260"><subfield code="a">Denmark, Wis.,</subfield><subfield code="b">Brown County Pub. Co.,</subfield><subfield code="c">1976-1982.</subfield></datafield><datafield ind1="0" ind2=" " tag="362"><subfield code="a">Vol. 38, no. 41 (Nov. 3, 1976)-v. 44, no. 2 (Apr. 7, 1982).</subfield></datafield><datafield ind1=" " ind2=" " tag="500"><subfield code="a">Publisher varies.</subfield></datafield><datafield ind1=" " ind2=" " tag="500"><subfield code="a">Added masthead: The Country Chronicle.</subfield></datafield><datafield ind1=" " ind2=" " tag="752"><subfield code="a">United States</subfield><subfield code="b">Wisconsin</subfield><subfield code="c">Brown</subfield><subfield code="d">Denmark.</subfield></datafield><datafield ind1="0" ind2="0" tag="780"><subfield code="t">Farmer's friend and rural reporter</subfield></datafield><datafield ind1="0" ind2="0" tag="785"><subfield code="t">Country chronicle</subfield><subfield code="w">(DLC)sn 84006023</subfield></datafield></record>